@book{scott1998,
  title      = {Seeing like a state: how certain schemes to improve the human condition have failed},
  shorttitle = {Seeing like a state},
  author     = {Scott, James C.},
  date       = {1998},
  publisher  = {Yale University Press},
  location   = {New Haven},
  doi        = {10.12987/9780300128789}
}

@book{feixiaotong1989,
  editor    = {费孝通},
  date      = {1989-07},
  publisher = {中央民族学院出版社},
  location  = {北京},
  title     = {中华民族多元一体格局}
}

@book{feixiaotong2013,
  author    = {费孝通},
  editor    = {刘豪兴},
  date      = {2013-10},
  edition   = {修订本},
  publisher = {上海人民出版社},
  location  = {上海},
  title     = {乡土中国}
}

@book{taoxisheng2016,
  shorttitle = {潮流与点滴},
  author     = {陶希圣},
  date       = {2016-01},
  edition    = {2},
  publisher  = {中国大百科全书出版社},
  location   = {北京},
  title      = {潮流与点滴：陶希圣回忆录}
}

@mvbook{gezhaoguang2000a,
  author    = {葛兆光},
  date      = {2000-12},
  volume    = {1},
  publisher = {复旦大学出版社},
  location  = {上海},
  volumes   = {3},
  title     = {中国思想史——导论：思想史的写法}
}

@book{zuozongtang1986,
  author    = {左宗棠},
  editor    = {邓云生},
  date      = {1986-02},
  publisher = {岳麓书社},
  location  = {长沙},
  title     = {左宗棠全集（札件）}
}

@article{pang2004,
  title        = {Working until you drop: the elderly of rural {{China}}},
  shorttitle   = {Working until you drop},
  author       = {Pang, Lihua and family=Brauw, given=Alan, prefix=de, useprefix=false and Rozelle, Scott},
  date         = {2004-07},
  journaltitle = {The China Journal},
  volume       = {52},
  pages        = {73--94},
  doi          = {10.2307/4127885}
}

@article{acemoglu2019,
  title        = {Democracy does cause growth},
  author       = {Acemoglu, Daron and Naidu, Suresh and Restrepo, Pascual and Robinson, James A.},
  date         = {2019-02},
  journaltitle = {Journal of Political Economy},
  volume       = {127},
  number       = {1},
  pages        = {47--100},
  doi          = {10.1086/700936}
}

@article{amarante2022,
  title        = {Underrepresentation of developing country researchers in development research},
  author       = {Amarante, Ver\'onica and Burger, Ronelle and Chelwa, Grieve and Cockburn, John and Kassouf, Ana and McKay, Andrew and Zurbrigg, Julieta},
  date         = {2022-10-07},
  journaltitle = {Applied Economics Letters},
  volume       = {29},
  number       = {17},
  pages        = {1659--1664},
  doi          = {10.1080/13504851.2021.1965528}
}

@article{daviet2022,
  title        = {Associations between alcohol consumption and gray and white matter volumes in the {{UK Biobank}}},
  author       = {Daviet, Remi and Aydogan, G\"okhan and Jagannathan, Kanchana and Spilka, Nathaniel and Koellinger, Philipp D. and Kranzler, Henry R. and Nave, Gideon and Wetherill, Reagan R.},
  date         = {2022-12},
  journaltitle = {Nature Communications},
  volume       = {13},
  number       = {1},
  pages        = {1175},
  doi          = {10.1038/s41467-022-28735-5}
}

@article{geyanfeng2020,
  author       = {葛延风 and 王列军 and 冯文猛 and 张冰子 and 刘胜兰 and 柯洋华},
  date         = {2020},
  journaltitle = {管理世界},
  volume       = {36},
  number       = {4},
  pages        = {86--96},
  title        = {我国健康老龄化的挑战与策略选择},
  doi          = {10.19744/j.cnki.11-1235/f.2020.0055}
}

@book{mullaney2017,
  title      = {The {{Chinese}} typewriter: a history},
  shorttitle = {The {{Chinese}} typewriter},
  author     = {Mullaney, Thomas S.},
  date       = {2017-08-08},
  publisher  = {The MIT Press},
  location   = {Cambridge, MA}
}

@online{gao2023a,
  title       = {Retrieval-augmented generation for large language models: a survey},
  shorttitle  = {Retrieval-augmented generation for large language models},
  author      = {Gao, Yunfan and Xiong, Yun and Gao, Xinyu and Jia, Kangxiang and Pan, Jinliu and Bi, Yuxi and Dai, Yi and Sun, Jiawei and Wang, Haofen},
  date        = {2023-12-18},
  number      = {arXiv:2312.10997},
  eprintclass = {cs},
  doi         = {10.48550/arXiv.2312.10997},
  pubstate    = {prepublished}
}

@book{qinhui2019,
  shorttitle = {田园诗与狂想曲},
  author     = {秦晖 and 金雁},
  date       = {2019-01},
  edition    = {3},
  publisher  = {江苏凤凰文艺出版社},
  location   = {南京},
  title      = {田园诗与狂想曲：关中模式与前近代社会的再认识}
}

@book{spence2013,
  title     = {The search for modern {{China}}},
  author    = {Spence, Jonathan D.},
  date      = {2013},
  edition   = {3},
  publisher = {W. W. Norton \& Company},
  location  = {New York}
}

@book{hsu2000,
  title     = {The rise of {{Modern China}}},
  author    = {Hs\"u, Immanuel C. Y.},
  date      = {2000},
  edition   = {6},
  publisher = {Oxford University Press},
  location  = {New York}
}

@book{flint2018,
  title      = {Political geography: world-economy, nation-state and locality},
  shorttitle = {Political geography},
  author     = {Flint, Colin and Taylor, Peter J.},
  date       = {2018-05-11},
  edition    = {7},
  publisher  = {Routledge},
  location   = {London},
  doi        = {10.4324/9781315164380}
}

@book{jiazhen1979,
  editor    = {賈禎 and 寶鋆 and 文祥 and 董恂 and 單懋謙},
  date      = {1979},
  publisher = {中華書局},
  location  = {北京},
  title     = {籌辦夷務始末（咸豐朝）}
}

@book{liangqichao2018,
  author    = {梁启超},
  editor    = {汤志钧 and 汤仁泽},
  date      = {2018-03-15},
  publisher = {中国人民大学出版社},
  location  = {北京},
  title     = {梁启超全集（第二集，论著二）}
}

@book{lihongzhang2007,
  author    = {李鸿章},
  editor    = {顾廷龙 and 戴逸},
  date      = {2007-06},
  publisher = {安徽教育出版社},
  location  = {合肥},
  title     = {李鸿章全集（奏议六）}
}

@incollection{liucuirong1999,
  booktitle = {經濟成長、所得分配與制度演化},
  author    = {劉翠溶},
  editor    = {曹添旺 and 賴景昌 and 楊建成},
  date      = {1999-08},
  pages     = {1--42},
  publisher = {中央研究院中山人文社會科學研究所},
  location  = {臺北},
  title     = {中國歷史上關於山林川澤的觀念和制度}
}

@book{ludefu2019,
  shorttitle = {中国36问},
  editor     = {陆德芙 and 宋怡明},
  translator = {余江 and 郑言},
  date       = {2019},
  publisher  = {香港城市大学出版社},
  location   = {香港},
  title      = {中国36问：对一个崛起大国的洞察}
}

@book{hanqilan2004,
  shorttitle = {苏北人在上海},
  author     = {韩起澜},
  translator = {卢明华},
  date       = {2004-08},
  publisher  = {上海古籍出版社},
  location   = {上海},
  title      = {苏北人在上海（1850--1980）}
}

@incollection{ho1984,
  title      = {Colonialism and development: {{Korea}}, {{Taiwan}}, and {{Kwantung}}},
  shorttitle = {Colonialism and development},
  booktitle  = {The {{Japanese Colonial Empire}}, 1895--1945},
  author     = {Ho, Samuel Pao-San},
  editor     = {Myers, Ramon H. and Peattie, Mark R.},
  date       = {1984},
  pages      = {347--398},
  publisher  = {Princeton University Press},
  location   = {Princeton},
  doi        = {10.1515/9780691213873-013}
}

@article{harrison2009,
  title        = {Introduction: science and national identity},
  shorttitle   = {Science and national identity},
  author       = {Harrison, Carol E. and Johnson, Ann},
  date         = {2009},
  journaltitle = {Osiris},
  volume       = {24},
  number       = {1},
  pages        = {1--14},
  doi          = {10.1086/605966}
}

@article{kim2018,
  title        = {Why do women want to be beautiful? {{A}} qualitative study proposing a new ``human beauty values'' concept},
  shorttitle   = {Why do women want to be beautiful?},
  author       = {Kim, Sunwoo and Lee, Yuri},
  editor       = {Manalo, Emmanuel},
  date         = {2018-08-03},
  journaltitle = {PLOS ONE},
  volume       = {13},
  number       = {8},
  pages        = {e0201347},
  doi          = {10.1371/journal.pone.0201347}
}

@book{li2013a,
  title      = {Reinventing modern {{China}}: imagination and authenticity in {{Chinese}} historical writing},
  shorttitle = {Reinventing modern {{China}}},
  author     = {Li, Huaiyin},
  date       = {2013},
  publisher  = {University of Hawai`i Press},
  location   = {Honolulu},
  doi        = {10.21313/hawaii/9780824836085.001.0001}
}

@article{peters2004,
  title        = {Coercive western energy security strategies: `resource wars' as a new threat to global security},
  shorttitle   = {Coercive western energy security strategies},
  author       = {Peters, Susanne},
  date         = {2004-03-01},
  journaltitle = {Geopolitics},
  volume       = {9},
  number       = {1},
  pages        = {187--212},
  doi          = {10.1080/14650040412331307882}
}

@book{yishabai2018,
  shorttitle = {战时中国农村的风习、改造与抵拒},
  author     = {伊莎白 and 柯临清},
  editor     = {贺萧 and 韩起澜},
  translator = {邵达},
  date       = {2018-11},
  publisher  = {外语教学与研究出版社},
  location   = {北京},
  title      = {战时中国农村的风习、改造与抵拒：兴隆场 (1940--1941)}
}

@mvbook{zgrmdxqsyjs1983,
  editor    = {中国人民大学清史研究所 and 中国人民大学档案系中国政治制度史教研室},
  date      = {1983},
  publisher = {中华书局},
  location  = {北京},
  volume    = {1},
  volumes   = {2},
  title     = {清代的矿业}
}

@incollection{zhangqixiong2010,
  booktitle = {东亚的价值},
  author    = {张启雄},
  editor    = {吴志攀 and 李玉},
  date      = {2010},
  pages     = {105--146},
  publisher = {北京大学出版社},
  location  = {北京},
  title     = {中华世界秩序原理的源起：近代中国外交纷争中的古典文化价值}
}

@book{caidingjian2011,
  editor    = {蔡定剑 and 王占阳},
  date      = {2011-01},
  publisher = {法律出版社},
  location  = {北京},
  title     = {走向宪政}
}

@article{hessler2021,
  entrysubtype = {magazine},
  title        = {China's reform generation adapts to life in the middle class},
  author       = {Hessler, Peter},
  date         = {2021-12-27},
  journaltitle = {The New Yorker},
  pages        = {45--55},
  url          = {https://www.newyorker.com/magazine/2022/01/03/chinas-reform-generation-adapts-to-life-in-the-middle-class},
  urldate      = {2021-10-02}
}

@book{zengwenwu1936,
  author    = {曾問吾},
  date      = {1936-05},
  publisher = {商務印書館},
  location  = {上海},
  title     = {中國經營西域史}
}

@online{vincent1942,
  title        = {Memorandum by the counselor of embassy in {{China}} ({{Vincent}}) to the ambassador in {{China}} ({{Gauss}}), document 192},
  shorttitle   = {Memorandum by the counselor of embassy in {{China}} ({{Vincent}}) to the ambassador in {{China}} ({{Gauss}})},
  author       = {Vincent, John Carter},
  date         = {1942-10-07},
  url          = {https://history.state.gov/historicaldocuments/frus1942China/d192},
  urldate      = {2023-09-21},
  organization = {Foreign Relations of the United States: Diplomatic Papers, China}
}

@article{garrett2004,
  entrysubtype = {magazine},
  title        = {Globalization's missing middle},
  author       = {Garrett, Geoffrey},
  date         = {2004},
  journaltitle = {Foreign Affairs},
  volume       = {83},
  number       = {6},
  pages        = {84--96},
  doi          = {10.2307/20034139}
}

@online{yang2023e,
  title       = {The {{Dawn}} of {{LMMs}}: {{Preliminary Explorations}} with {{GPT-4V}}(Ision)},
  author      = {Yang, Zhengyuan and Li, Linjie and Lin, Kevin and Wang, Jianfeng and Lin, Chung-Ching and Liu, Zicheng and Wang, Lijuan},
  date        = {2023-09-29},
  number      = {arXiv:2309.17421},
  eprintclass = {cs},
  doi         = {10.48550/arXiv.2309.17421},
  pubstate    = {preprint}
}

@article{caojingjing2020,
  author       = {曹晶晶 and 章锦河 and 王昶 and 孙晋坤 and 陈敏},
  date         = {2020},
  journaltitle = {地理学报},
  volume       = {75},
  number       = {4},
  pages        = {860--877},
  title        = {距离欲对旅游者目的地选择影响的解释框架},
  doi          = {10.11821/dlxb202004014}
}

@article{zhaojizhi2024,
  author       = {赵继之 and 辛公锋 and 陶慕轩 and 崔文涛},
  title        = {超高性能混凝土单轴拉、压循环作用下力学性能及其本构模型研究},
  journaltitle = {工程力学},
  date         = {2024},
  volume       = {41},
  number       = {4},
  pages        = {81--93},
  doi          = {10.6052/j.issn.1000-4750.2022.04.0339}
}

@online{chatwin2022,
  title        = {Frank {{Dik\"otter}} on paying attention to {{China}}'s primary sources},
  author       = {Chatwin, Jonathan},
  date         = {2022-11-06},
  url          = {https://www.thewirechina.com/2022/11/06/frank-dikotter-on-paying-attention-to-chinas-primary-sources},
  urldate      = {2022-11-07},
  organization = {The Wire China}
}

@article{chuanping1955,
  entrysubtype = {newspaper},
  author       = {储安平},
  date         = {1955-12-16},
  journaltitle = {人民日报},
  pages        = {3},
  title        = {在阿尔泰山之巅}
}

@article{lushaowei2015,
  author       = {卢少微 and 冯春林 and 聂鹏 and 王晓强 and 熊需海 and 马克明},
  title        = {碳纳米管用于聚合物基复合材料健康监测的研究进展},
  journaltitle = {航空材料学报},
  year         = {2015},
  volume       = {35},
  number       = {2},
  pages        = {12--20},
  doi          = {10.11868/j.issn.1005-5053.2015.2.002}
}

@incollection{fairbank1968a,
  title     = {A preliminary framework},
  booktitle = {The {{Chinese World Order}}: {{Traditional China}}'s {{Foreign Relations}}},
  author    = {Fairbank, John King},
  editor    = {Fairbank, John King},
  date      = {1968},
  pages     = {1--19},
  publisher = {Harvard University Press},
  location  = {Cambridge, MA},
  doi       = {10.4159/harvard.9780674333482.c3}
}

@book{fairbank1978,
  title      = {The {{Cambridge}} history of {{China}}: late {{Ch}}'ing 1800--1911, part 1},
  shorttitle = {The {{Cambridge}} history of {{China}}},
  editor     = {Fairbank, John K.},
  date       = {1978},
  volume     = {10},
  publisher  = {Cambridge University Press},
  location   = {Cambridge},
  doi        = {10.1017/CHOL9780521214476}
}


@incollection{fletcher1978,
  title     = {Sino-{{Russian}} relations, 1800--62},
  booktitle = {The {{Cambridge History}} of {{China}}: {{Late Ch}}'ing 1800--1911, {{Part}} 1},
  author    = {Fletcher, Joseph},
  editor    = {Fairbank, John K.},
  date      = {1978},
  volume    = {10},
  pages     = {318--350},
  publisher = {Cambridge University Press},
  location  = {Cambridge},
  doi       = {10.1017/CHOL9780521214476.008}
}

@incollection{fletcher1978a,
  title     = {Ch'ing {{Inner Asia}} {\emph{c}}. 1800},
  booktitle = {The {{Cambridge History}} of {{China}}: {{Late Ch}}'ing 1800--1911, {{Part}} 1},
  author    = {Fletcher, Joseph},
  editor    = {Fairbank, John K.},
  date      = {1978},
  volume    = {10},
  pages     = {35--106},
  publisher = {Cambridge University Press},
  location  = {Cambridge},
  doi       = {10.1017/CHOL9780521214476.003}
}

@incollection{fletcher1978b,
  title     = {The heyday of the {{Ch}}'ing order in {{Mongolia}}, {{Sinkiang}} and {{Tibet}}},
  booktitle = {The {{Cambridge History}} of {{China}}: {{Late Ch}}'ing 1800--1911, {{Part}} 1},
  author    = {Fletcher, Joseph},
  editor    = {Fairbank, John K.},
  date      = {1978},
  volume    = {10},
  pages     = {351--408},
  publisher = {Cambridge University Press},
  location  = {Cambridge},
  doi       = {10.1017/CHOL9780521214476.009}
}

@book{maikeerhekete2012,
  author     = {迈克尔·赫克特},
  translator = {韩召颖},
  date       = {2012-07-30},
  publisher  = {中国人民大学出版社},
  location   = {北京},
  title      = {遏制民族主义}
}

@book{gezhaoguang2011,
  shorttitle = {宅兹中国},
  author     = {葛兆光},
  date       = {2011},
  publisher  = {中华书局},
  location   = {北京},
  title      = {宅兹中国：重建有关「中国」的历史论述}
}

@book{gezhaoguang2014,
  shorttitle = {何為「中國」},
  author     = {葛兆光},
  date       = {2014},
  publisher  = {牛津大學出版社},
  location   = {香港},
  title      = {何為「中國」？——疆域、民族、文化與歷史}
}

@book{zarrow2012,
  title      = {After empire: the conceptual transformation of the {{Chinese}} state, 1885--1924},
  shorttitle = {After empire},
  author     = {Zarrow, Peter},
  date       = {2012-03-28},
  publisher  = {Stanford University Press},
  location   = {Stanford},
  doi        = {10.1515/9780804781879}
}

@thesis{kanyaoping2003,
  type        = {博士学位论文},
  author      = {阚耀平},
  date        = {2003},
  institution = {复旦大学},
  location    = {上海},
  title       = {清代天山北路人口迁移与区域开发研究}
}

@thesis{hua2021a,
  type        = {phdthesis},
  title       = {Peasants versus empires: transnational civil justice and national legal decolonization in {{Manchuria}}, 1881--1951},
  shorttitle  = {Peasants versus empires},
  author      = {Hua, Rui},
  date        = {2021},
  institution = {Harvard University},
  location    = {Cambridge, MA}
}

@article{tenen2014,
  title        = {Sustainable authorship in plain text using {{Pandoc}} and {{Markdown}}},
  author       = {Tenen, Dennis and Wythoff, Grant},
  editor       = {Gibbs, Fred},
  date         = {2014-03-19},
  journaltitle = {Programming Historian},
  number       = {3},
  doi          = {10.46430/phen0041}
}

@article{krewinkel2017,
  title        = {Formatting open science: agilely creating multiple document formats for academic manuscripts with {{Pandoc Scholar}}},
  shorttitle   = {Formatting open science},
  author       = {Krewinkel, Albert and Winkler, Robert},
  date         = {2017-05-08},
  journaltitle = {PeerJ Computer Science},
  volume       = {3},
  pages        = {23},
  doi          = {10.7717/peerj-cs.112}
}

@software{macfarlane2024,
  title   = {Pandoc},
  author  = {MacFarlane, John and Krewinkel, Albert and Rosenthal, Jesse},
  date    = {2024-10-06},
  url     = {https://github.com/jgm/pandoc},
  urldate = {2024-11-19},
  doi     = {10.5281/zenodo.13894261},
  version = {3.5}
}

@software{allaire2024,
  title   = {Quarto},
  author  = {Allaire, J.J. and Teague, Charles and Scheidegger, Carlos and Xie, Yihui and Dervieux, Christophe},
  date    = {2024-11-16},
  url     = {https://github.com/quarto-dev/quarto-cli},
  urldate = {2024-11-19},
  version = {1.6.36}
}

@software{correia2024,
  title   = {Panflute},
  author  = {Correia, Sergio},
  date    = {2024-03-20},
  url     = {https://github.com/sergiocorreia/panflute},
  urldate = {2024-05-27},
  doi     = {10.5281/zenodo.10841890},
  version = {2.3.1}
}

@software{lee2024c,
  title   = {AutoCorrect},
  author  = {Lee, Jason},
  date    = {2024-10-15},
  url     = {https://github.com/huacnlee/autocorrect},
  urldate = {2024-11-19},
  version = {2.13.0}
}

@thesis{jiangyuanshan2009,
  type        = {博士学位论文},
  shorttitle  = {近代中国地域政治化研究},
  author      = {江远山},
  date        = {2009},
  institution = {复旦大学},
  location    = {上海},
  doi         = {10.7666/d.y1970854},
  title       = {近代中国地域政治化研究——以广东为考察对象}
}

@book{shenzhihua2003,
  author    = {沈志华},
  date      = {2003-05},
  publisher = {中国国际广播出版社},
  location  = {北京},
  title     = {苏联专家在中国}
}

@article{jiangzemin2008,
  author       = {江泽民},
  date         = {2008},
  journaltitle = {上海交通大学学报},
  number       = {3},
  pages        = {345--359},
  doi          = {10.16183/j.cnki.jsjtu.2008.03.001},
  title        = {对中国能源问题的思考}
}

@article{qgrmdbdh2018,
  entrysubtype = {newspaper},
  author       = {全国人民代表大会},
  date         = {2018-03-22},
  journaltitle = {人民日报},
  pages        = {1--3},
  title        = {中华人民共和国宪法}
}

@inbook{jaffe2013,
  title      = {The secret of ``{{China}}'s {{Destiny}}''},
  booktitle  = {China's {{Destiny}} and {{Chinese Economic Theory}}},
  author     = {Jaffe, Philip},
  date       = {2013},
  origdate   = {1947},
  pages      = {9--25},
  publisher  = {Brill},
  location   = {Leiden},
  doi        = {10.1163/9789004212732_002},
  bookauthor = {Chiang, Kai-shek}
}

@book{marong2016,
  editor    = {马戎},
  date      = {2016-10-20},
  publisher = {社会科学文献出版社},
  location  = {北京},
  title     = {“中华民族是一个”——围绕1939年这一议题的大讨论},
  doi       = {10.978.75097/91998}
}

@article{ward2021,
  title        = {People mistake the internet's knowledge for their own},
  author       = {Ward, Adrian F.},
  date         = {2021-10-26},
  journaltitle = {Proceedings of the National Academy of Sciences},
  volume       = {118},
  number       = {43},
  pages        = {e2105061118},
  doi          = {10.1073/pnas.2105061118}
}

@unpublished{mittelbach2022,
  title      = {Tagged and accessible {{PDF}} with {{LaTeX}}},
  author     = {Mittelbach, Frank},
  date       = {2022-09},
  url        = {https://www.pdfa.org/presentation/tagged-and-accessible-pdf-with-latex},
  urldate    = {2023-02-10},
  eventtitle = {{{PDF Days Europe}} 2022},
  venue      = {Berlin}
}

@inproceedings{shi2021a,
  title      = {On {{Li Hongzhang}}'s coastal defense measures under the {{Sino-Japanese}} conflict in the 1870s},
  author     = {Shi, Peijie},
  date       = {2021-06-10},
  pages      = {574--579},
  publisher  = {Atlantis Press},
  doi        = {10.2991/assehr.k.210609.113},
  eventtitle = {2nd {{International Conference}} on {{Language}}, {{Art}} and {{Cultural Exchange}} ({{ICLACE}} 2021)}
}

@unpublished{holst2020,
  title      = {How to handle abuse of power by {{PhD}} supervisors: a workshop on early career researcher's needs},
  shorttitle = {How to handle abuse of power by {{PhD}} supervisors},
  author     = {Holst, Martin R. and {9 workshop participants who wished to remain anonymous}},
  date       = {2020-11-09},
  doi        = {10.5281/zenodo.4273761}
}

@report{dahlgren2022,
  type        = {preprint},
  title       = {Instructions for {{Reviewer}} 2: how to reject a manuscript for arbitrary reasons},
  shorttitle  = {Instructions for {{Reviewer}} 2},
  author      = {Dahlgren, Peter Mattias},
  date        = {2022-05-25},
  institution = {Open Science Framework},
  doi         = {10.31219/osf.io/t8jsm}
}

@report{ungeneralassembly1962,
  title       = {General {{Assembly}} resolution 1803 ({{XVII}}) of 14 {{December}} 1962, ``permanent sovereignty over natural resources''},
  author      = {{UN General Assembly}},
  date        = {1962-12-14},
  institution = {United Nations},
  url         = {https://www.ohchr.org/en/instruments-mechanisms/instruments/general-assembly-resolution-1803-xvii-14-december-1962-permanent},
  urldate     = {2023-03-09}
}

@legislation{guomindahui1947,
  author  = {國民大會},
  date    = {1947-01-01},
  url     = {https://law.moj.gov.tw/LawClass/LawAll.aspx?pcode=A0000001},
  urldate = {2023-03-09},
  title   = {中華民國憲法}
}

@video{ritvikmath2019,
  entrysubtype = {video},
  title        = {Vector {{Auto Regression}}: {{Time Series Talk}}},
  author       = {Kharkar, Ritvik},
  date         = {2019-10-03},
  url          = {https://www.youtube.com/watch?v=UQQHSbeIaB0},
  urldate      = {2020-04-01}
}

@online{geminiteam2024,
  title = {Gemini 1.5: unlocking multimodal understanding across millions of tokens of context},
  shorttitle = {Gemini 1.5},
  author = {{Gemini Team}},
  date = {2024-08-08},
  number = {arXiv:2403.05530},
  doi = {10.48550/arXiv.2403.05530},
  pubstate = {prepublished}
}
